%% This BibTeX bibliography file was created using BibDesk.
%% https://bibdesk.sourceforge.io/

%% Created for Daniel Panizo PÃ©rez at 2024-01-05 12:55:12 +0100 


%% Saved with string encoding Unicode (UTF-8) 



@article{Danielsson:2023alz,
	archiveprefix = {arXiv},
	author = {Danielsson, Ulf and Panizo, Daniel},
	date-added = {2024-01-02 17:10:13 +0100},
	date-modified = {2024-01-02 17:10:23 +0100},
	eprint = {2311.14589},
	keywords = {DB},
	month = {11},
	primaryclass = {hep-th},
	title = {{Experimental tests of dark bubble cosmology}},
	year = {2023}}

@article{Banerjee:2023uto,
	archiveprefix = {arXiv},
	author = {Banerjee, Souvik and Danielsson, Ulf and Zemsch, Maximilian},
	date-added = {2024-01-02 17:09:35 +0100},
	date-modified = {2024-01-02 17:11:28 +0100},
	eprint = {2311.16242},
	keywords = {DB, Holo},
	month = {11},
	primaryclass = {hep-th},
	title = {{The dark bubbleography}},
	year = {2023}}

@article{Danielsson:2018aa,
	archiveprefix = {arXiv},
	author = {Danielsson, Ulf H. and Van Riet, Thomas},
	date-added = {2024-01-02 16:30:36 +0100},
	date-modified = {2024-01-05 12:48:51 +0100},
	doi = {10.1142/S0218271818300070},
	eprint = {1804.01120},
	journal = {Int. J. Mod. Phys. D},
	keywords = {Landscape, Swamp},
	number = {12},
	pages = {1830007},
	primaryclass = {hep-th},
	reportnumber = {UUITP-09/18, UUITP-09-18},
	title = {{What if string theory has no de Sitter vacua?}},
	volume = {27},
	year = {2018},
	bdsk-url-1 = {https://doi.org/10.1142/S0218271818300070}}

@article{Aghanim:2020aa,
	author = {Aghanim, Nabila and Akrami, Yashar and Ashdown, Mark and Aumont, J and Baccigalupi, C and Ballardini, M and Banday, AJ and Barreiro, RB and Bartolo, N and Basak, S and others},
	date-added = {2024-01-02 16:30:36 +0100},
	date-modified = {2024-01-05 12:42:30 +0100},
	journal = {Astronomy \& Astrophysics},
	keywords = {Cosmo, Experimental},
	pages = {A6},
	publisher = {EDP sciences},
	title = {Planck 2018 results-VI. Cosmological parameters},
	volume = {641},
	year = {2020}}

@article{Einstein:1915aa,
	author = {Einstein, Albert},
	date-added = {2024-01-02 16:30:36 +0100},
	date-modified = {2024-01-05 12:49:36 +0100},
	journal = {Sitzungsberichte der K{\"o}niglich Preu{\ss}ischen Akademie der Wissenschaften},
	keywords = {Gravity},
	pages = {844--847},
	title = {Die feldgleichungen der gravitation},
	year = {1915}}

@article{Di-Valentino:2021aa,
	author = {Di Valentino, Eleonora and Mena, Olga and Pan, Supriya and Visinelli, Luca and Yang, Weiqiang and Melchiorri, Alessandro and Mota, David F and Riess, Adam G and Silk, Joseph},
	date-added = {2024-01-02 16:30:36 +0100},
	date-modified = {2024-01-05 12:49:17 +0100},
	journal = {Classical and Quantum Gravity},
	keywords = {Cosmo, Experimental},
	number = {15},
	pages = {153001},
	publisher = {IOP Publishing},
	title = {In the realm of the Hubble tension---a review of solutions},
	volume = {38},
	year = {2021}}

@article{Martin:2012aa,
	author = {J{\'{e}}r{\^{o}}me Martin},
	date-added = {2024-01-02 16:30:36 +0100},
	date-modified = {2024-01-02 16:34:24 +0100},
	doi = {10.1016/j.crhy.2012.04.008},
	journal = {Comptes Rendus Physique},
	month = {jul},
	number = {6-7},
	pages = {566--665},
	publisher = {Elsevier {BV}},
	title = {Everything you always wanted to know about the cosmological constant problem (but were afraid to ask)},
	url = {https://doi.org/10.1016%2Fj.crhy.2012.04.008},
	volume = {13},
	year = 2012,
	bdsk-url-1 = {https://doi.org/10.1016%2Fj.crhy.2012.04.008},
	bdsk-url-2 = {https://doi.org/10.1016/j.crhy.2012.04.008}}

@misc{Padilla:2015aa,
	archiveprefix = {arXiv},
	author = {Antonio Padilla},
	date-added = {2024-01-02 16:30:36 +0100},
	date-modified = {2024-01-05 12:54:08 +0100},
	eprint = {1502.05296},
	keywords = {Cosmo},
	primaryclass = {hep-th},
	title = {Lectures on the Cosmological Constant Problem},
	year = {2015}}

@article{Lemaitre:1927aa,
	author = {Lema{\^\i}tre, Georges},
	date-added = {2024-01-02 16:30:36 +0100},
	date-modified = {2024-01-02 17:14:07 +0100},
	journal = {Annales de la Soci{\'e}t{\'e} Scientifique de Bruxelles, A47, p. 49-59},
	keywords = {Cosmo},
	pages = {49--59},
	title = {Un Univers homog{\`e}ne de masse constante et de rayon croissant rendant compte de la vitesse radiale des n{\'e}buleuses extra-galactiques},
	volume = {47},
	year = {1927}}

@article{Hubble:1929aa,
	author = {Hubble, Edwin},
	date-added = {2024-01-02 16:30:36 +0100},
	date-modified = {2024-01-02 17:14:01 +0100},
	journal = {Proceedings of the national academy of sciences},
	keywords = {Cosmo},
	number = {3},
	pages = {168--173},
	publisher = {National Acad Sciences},
	title = {A relation between distance and radial velocity among extra-galactic nebulae},
	volume = {15},
	year = {1929}}

@article{Weinberg:1989aa,
	author = {Weinberg, Steven},
	date-added = {2024-01-02 16:30:36 +0100},
	date-modified = {2024-01-02 16:34:24 +0100},
	journal = {Reviews of modern physics},
	number = {1},
	pages = {1},
	publisher = {APS},
	title = {The cosmological constant problem},
	volume = {61},
	year = {1989}}

@article{Friedmann:1922aa,
	author = {Friedmann, Alexander},
	date-added = {2024-01-02 16:30:36 +0100},
	date-modified = {2024-01-02 17:14:11 +0100},
	journal = {Z. Phys.},
	keywords = {Cosmo},
	pages = {377--386},
	title = {{\"U}ber die kr{\"u}mmung des raumes},
	volume = {10},
	year = {1922}}

@article{Hawking:1970aa,
	author = {Hawking, Stephen William and Penrose, Roger},
	date-added = {2024-01-02 16:30:36 +0100},
	date-modified = {2024-01-02 17:14:43 +0100},
	journal = {Proceedings of the Royal Society of London. A. Mathematical and Physical Sciences},
	keywords = {QC},
	number = {1519},
	pages = {529--548},
	publisher = {The Royal Society London},
	title = {The singularities of gravitational collapse and cosmology},
	volume = {314},
	year = {1970}}

@article{Lemaitre:1950aa,
	author = {Lema{\^\i}tre, Georges},
	date-added = {2024-01-02 16:30:36 +0100},
	date-modified = {2024-01-02 17:13:57 +0100},
	keywords = {Cosmo},
	title = {The Primeval Atom an Essay on Cosmogony},
	year = {1950}}

@book{Carroll:2019aa,
	author = {Carroll, Sean M},
	date-added = {2024-01-02 16:30:36 +0100},
	date-modified = {2024-01-05 12:48:01 +0100},
	keywords = {Book},
	publisher = {Cambridge University Press},
	title = {Spacetime and geometry},
	year = {2019}}

@article{Israel:1966rt,
	author = {Israel, W.},
	date-added = {2024-01-02 16:29:22 +0100},
	date-modified = {2024-01-02 17:14:25 +0100},
	doi = {10.1007/BF02710419},
	journal = {Nuovo Cim. B},
	keywords = {JC},
	note = {[Erratum: Nuovo Cim.B 48, 463 (1967)]},
	pages = {1},
	title = {{Singular hypersurfaces and thin shells in general relativity}},
	volume = {44S10},
	year = {1966},
	bdsk-url-1 = {https://doi.org/10.1007/BF02710419}}

@article{Banerjee:2019aa,
	archiveprefix = {arXiv},
	author = {Banerjee, Souvik and Danielsson, Ulf and Dibitetto, Giuseppe and Giri, Suvendu and Schillo, Marjorie},
	date-added = {2024-01-02 16:20:30 +0100},
	date-modified = {2024-01-02 17:06:56 +0100},
	doi = {10.1007/JHEP10(2019)164},
	eprint = {1907.04268},
	journal = {JHEP},
	keywords = {DB},
	pages = {164},
	primaryclass = {hep-th},
	reportnumber = {UUITP-26/19},
	title = {{de Sitter Cosmology on an expanding bubble}},
	volume = {10},
	year = {2019},
	bdsk-url-1 = {https://doi.org/10.1007/JHEP10(2019)164}}

@article{Hawking:2000kj,
	archiveprefix = {arXiv},
	author = {Hawking, S. W. and Hertog, T. and Reall, H. S.},
	date-added = {2024-01-02 16:20:30 +0100},
	date-modified = {2024-01-02 17:16:18 +0100},
	doi = {10.1103/PhysRevD.62.043501},
	eprint = {hep-th/0003052},
	journal = {Phys. Rev. D},
	keywords = {QC},
	pages = {043501},
	reportnumber = {DAMTP-2000-25},
	title = {{Brane new world}},
	volume = {62},
	year = {2000},
	bdsk-url-1 = {https://doi.org/10.1103/PhysRevD.62.043501}}

@article{Ghosh:2021aa,
	archiveprefix = {arXiv},
	author = {Ghosh, Jewel K. and Kiritsis, Elias and Nitti, Francesco and Witkowski, Lukas T.},
	date-added = {2024-01-02 16:20:30 +0100},
	date-modified = {2024-01-05 12:50:58 +0100},
	eprint = {2102.11881},
	keywords = {Instanton, Decay},
	month = {2},
	primaryclass = {hep-th},
	reportnumber = {CCTP-2021-01, ITCP-IPP-2021/1},
	title = {{Revisiting Coleman-de Luccia transitions in the AdS regime using holography}},
	year = {2021}}

@article{Brown:1988kg,
	author = {Brown, J. David and Teitelboim, C.},
	date-added = {2024-01-02 16:20:30 +0100},
	date-modified = {2024-01-05 12:50:16 +0100},
	doi = {10.1016/0550-3213(88)90559-7},
	journal = {Nucl. Phys. B},
	keywords = {Instanton, Decay},
	pages = {787--836},
	title = {{Neutralization of the Cosmological Constant by Membrane Creation}},
	volume = {297},
	year = {1988},
	bdsk-url-1 = {https://doi.org/10.1016/0550-3213(88)90559-7}}

@article{Banerjee:2020aa,
	archiveprefix = {arXiv},
	author = {Banerjee, Souvik and Danielsson, Ulf and Giri, Suvendu},
	date-added = {2024-01-02 16:20:30 +0100},
	date-modified = {2024-01-02 17:11:08 +0100},
	doi = {10.1007/JHEP04(2020)085},
	eprint = {2001.07433},
	journal = {JHEP},
	keywords = {DB, Holo},
	pages = {085},
	primaryclass = {hep-th},
	reportnumber = {UUITP-1/20},
	title = {{Dark bubbles: decorating the wall}},
	volume = {04},
	year = {2020},
	bdsk-url-1 = {https://doi.org/10.1007/JHEP04(2020)085}}

@article{Banerjee:2020ab,
	archiveprefix = {arXiv},
	author = {Banerjee, Souvik and Danielsson, Ulf and Giri, Suvendu},
	date-added = {2024-01-02 16:20:30 +0100},
	date-modified = {2024-01-02 17:12:02 +0100},
	doi = {10.1007/JHEP03(2021)250},
	eprint = {2009.01597},
	journal = {JHEP},
	keywords = {DB, Holo},
	pages = {250},
	primaryclass = {hep-th},
	reportnumber = {UUITP-33/20},
	title = {{Bubble needs strings}},
	volume = {21},
	year = {2020},
	bdsk-url-1 = {https://doi.org/10.1007/JHEP03(2021)250}}

@article{Hebecker:2019aa,
	archiveprefix = {arXiv},
	author = {Hebecker, Arthur and Wrase, Timm},
	date-added = {2024-01-02 16:20:30 +0100},
	date-modified = {2024-01-02 16:34:24 +0100},
	doi = {10.1002/prop.201800097},
	eprint = {1810.08182},
	journal = {Fortsch. Phys.},
	number = {1-2},
	pages = {1800097},
	primaryclass = {hep-th},
	title = {{The Asymptotic dS Swampland Conjecture - a Simplified Derivation and a Potential Loophole}},
	volume = {67},
	year = {2019},
	bdsk-url-1 = {https://doi.org/10.1002/prop.201800097}}

@article{Palti:2019aa,
	archiveprefix = {arXiv},
	author = {Palti, Eran},
	date-added = {2024-01-02 16:20:30 +0100},
	date-modified = {2024-01-05 12:54:16 +0100},
	doi = {10.1002/prop.201900037},
	eprint = {1903.06239},
	journal = {Fortsch. Phys.},
	keywords = {Swamp},
	number = {6},
	pages = {1900037},
	primaryclass = {hep-th},
	reportnumber = {MPP-2019-53},
	title = {{The Swampland: Introduction and Review}},
	volume = {67},
	year = {2019},
	bdsk-url-1 = {https://doi.org/10.1002/prop.201900037}}

@article{Brennan:2017aa,
	archiveprefix = {arXiv},
	author = {Brennan, T. Daniel and Carta, Federico and Vafa, Cumrun},
	date-added = {2024-01-02 16:20:30 +0100},
	date-modified = {2024-01-05 12:47:32 +0100},
	doi = {10.22323/1.305.0015},
	eprint = {1711.00864},
	journal = {PoS},
	keywords = {Swamp, Landscape},
	pages = {015},
	primaryclass = {hep-th},
	reportnumber = {IFT-UAM-CSIC-17-105},
	title = {{The String Landscape, the Swampland, and the Missing Corner}},
	volume = {TASI2017},
	year = {2017},
	bdsk-url-1 = {https://doi.org/10.22323/1.305.0015}}

@article{Cicoli:2019aa,
	archiveprefix = {arXiv},
	author = {Cicoli, Michele and De Alwis, Senarath and Maharana, Anshuman and Muia, Francesco and Quevedo, Fernando},
	date-added = {2024-01-02 16:20:30 +0100},
	date-modified = {2024-01-02 16:34:24 +0100},
	doi = {10.1002/prop.201800079},
	eprint = {1808.08967},
	journal = {Fortsch. Phys.},
	number = {1-2},
	pages = {1800079},
	primaryclass = {hep-th},
	title = {{De Sitter vs Quintessence in String Theory}},
	volume = {67},
	year = {2019},
	bdsk-url-1 = {https://doi.org/10.1002/prop.201800079}}

@article{Halliwell:1989aa,
	author = {Halliwell, Jonathan J. and Louko, Jorma},
	date-added = {2024-01-02 16:20:30 +0100},
	date-modified = {2024-01-02 17:15:29 +0100},
	doi = {10.1103/PhysRevD.39.2206},
	journal = {Phys. Rev. D},
	keywords = {QC},
	pages = {2206},
	reportnumber = {NSF-ITP-88-173},
	title = {{Steepest Descent Contours in the Path Integral Approach to Quantum Cosmology. 1. The De Sitter Minisuperspace Model}},
	volume = {39},
	year = {1989},
	bdsk-url-1 = {https://doi.org/10.1103/PhysRevD.39.2206}}

@article{Banerjee:2018aa,
	archiveprefix = {arXiv},
	author = {Banerjee, Souvik and Danielsson, Ulf and Dibitetto, Giuseppe and Giri, Suvendu and Schillo, Marjorie},
	date-added = {2024-01-02 16:20:30 +0100},
	date-modified = {2024-01-02 17:06:04 +0100},
	doi = {10.1103/PhysRevLett.121.261301},
	eprint = {1807.01570},
	journal = {Phys. Rev. Lett.},
	keywords = {DB},
	number = {26},
	pages = {261301},
	primaryclass = {hep-th},
	reportnumber = {UUITP-27-18},
	title = {{Emergent de Sitter Cosmology from Decaying Anti\textendash{}de Sitter Space}},
	volume = {121},
	year = {2018},
	bdsk-url-1 = {https://doi.org/10.1103/PhysRevLett.121.261301}}

@inproceedings{Halliwell:1989ab,
	archiveprefix = {arXiv},
	author = {Halliwell, Jonathan J.},
	booktitle = {{7th Jerusalem Winter School for Theoretical Physics: Quantum Cosmology and Baby Universes}},
	date-added = {2024-01-02 16:20:30 +0100},
	date-modified = {2024-01-02 17:15:24 +0100},
	eprint = {0909.2566},
	keywords = {QC},
	primaryclass = {gr-qc},
	reportnumber = {MIT-CTP-1845},
	title = {{INTRODUCTORY LECTURES ON QUANTUM COSMOLOGY}},
	year = {1989}}

@article{Ooguri:2017aa,
	archiveprefix = {arXiv},
	author = {Ooguri, Hirosi and Vafa, Cumrun},
	date-added = {2024-01-02 16:20:30 +0100},
	date-modified = {2024-01-05 12:53:46 +0100},
	doi = {10.4310/ATMP.2017.v21.n7.a8},
	eprint = {1610.01533},
	journal = {Adv. Theor. Math. Phys.},
	keywords = {Swamp, WGC, Decay},
	pages = {1787--1801},
	primaryclass = {hep-th},
	reportnumber = {CALT-TH-2016-027, IPMU16-0139},
	title = {{Non-supersymmetric AdS and the Swampland}},
	volume = {21},
	year = {2017},
	bdsk-url-1 = {https://doi.org/10.4310/ATMP.2017.v21.n7.a8}}

@article{Ansoldi:1997hz,
	archiveprefix = {arXiv},
	author = {Ansoldi, S. and Aurilia, Antonio and Balbinot, R. and Spallucci, E.},
	date-added = {2024-01-02 16:20:30 +0100},
	date-modified = {2024-01-02 16:20:30 +0100},
	doi = {10.1088/0264-9381/14/10/004},
	eprint = {gr-qc/9706081},
	journal = {Class. Quant. Grav.},
	pages = {2727--2755},
	title = {{Classical and quantum shell dynamics, and vacuum decay}},
	volume = {14},
	year = {1997},
	bdsk-url-1 = {https://doi.org/10.1088/0264-9381/14/10/004}}

@article{Diaz-Dorronsoro:2017aa,
	archiveprefix = {arXiv},
	author = {Diaz Dorronsoro, Juan and Halliwell, Jonathan J. and Hartle, James B. and Hertog, Thomas and Janssen, Oliver},
	date-added = {2024-01-02 16:20:30 +0100},
	date-modified = {2024-01-02 17:17:12 +0100},
	doi = {10.1103/PhysRevD.96.043505},
	eprint = {1705.05340},
	journal = {Phys. Rev. D},
	keywords = {QC},
	number = {4},
	pages = {043505},
	primaryclass = {gr-qc},
	title = {{Real no-boundary wave function in Lorentzian quantum cosmology}},
	volume = {96},
	year = {2017},
	bdsk-url-1 = {https://doi.org/10.1103/PhysRevD.96.043505}}

@article{Vilenkin:2018aa,
	archiveprefix = {arXiv},
	author = {Vilenkin, Alexander and Yamada, Masaki},
	date-added = {2024-01-02 16:20:30 +0100},
	date-modified = {2024-01-02 17:18:37 +0100},
	doi = {10.1103/PhysRevD.98.066003},
	eprint = {1808.02032},
	journal = {Phys. Rev. D},
	keywords = {QC},
	number = {6},
	pages = {066003},
	primaryclass = {gr-qc},
	title = {{Tunneling wave function of the universe}},
	volume = {98},
	year = {2018},
	bdsk-url-1 = {https://doi.org/10.1103/PhysRevD.98.066003}}

@article{Diaz-Dorronsoro:2018aa,
	archiveprefix = {arXiv},
	author = {Diaz Dorronsoro, Juan and Halliwell, Jonathan J. and Hartle, James B. and Hertog, Thomas and Janssen, Oliver and Vreys, Yannick},
	date-added = {2024-01-02 16:20:30 +0100},
	date-modified = {2024-01-02 17:18:44 +0100},
	doi = {10.1103/PhysRevLett.121.081302},
	eprint = {1804.01102},
	journal = {Phys. Rev. Lett.},
	keywords = {QC},
	number = {8},
	pages = {081302},
	primaryclass = {gr-qc},
	title = {{Damped perturbations in the no-boundary state}},
	volume = {121},
	year = {2018},
	bdsk-url-1 = {https://doi.org/10.1103/PhysRevLett.121.081302}}

@article{Maartens:2010aa,
	author = {Maartens, Roy and Koyama, Kazuya},
	date-added = {2024-01-02 16:20:30 +0100},
	date-modified = {2024-01-05 12:52:56 +0100},
	doi = {10.12942/lrr-2010-5},
	issn = {1433-8351},
	journal = {Living Reviews in Relativity},
	keywords = {Braneworld},
	month = {Sep},
	number = {1},
	publisher = {Springer Science and Business Media LLC},
	title = {Brane-World Gravity},
	url = {http://dx.doi.org/10.12942/lrr-2010-5},
	volume = {13},
	year = {2010},
	bdsk-url-1 = {http://dx.doi.org/10.12942/lrr-2010-5}}

@article{Vilenkin:2019aa,
	archiveprefix = {arXiv},
	author = {Vilenkin, Alexander and Yamada, Masaki},
	date-added = {2024-01-02 16:20:30 +0100},
	date-modified = {2024-01-02 17:19:25 +0100},
	doi = {10.1103/PhysRevD.99.066010},
	eprint = {1812.08084},
	journal = {Phys. Rev. D},
	keywords = {QC},
	number = {6},
	pages = {066010},
	primaryclass = {gr-qc},
	title = {{Tunneling wave function of the universe II: the backreaction problem}},
	volume = {99},
	year = {2019},
	bdsk-url-1 = {https://doi.org/10.1103/PhysRevD.99.066010}}

@article{Feldbrugge:2018aa,
	archiveprefix = {arXiv},
	author = {Feldbrugge, Job and Lehners, Jean-Luc and Turok, Neil},
	date-added = {2024-01-02 16:20:30 +0100},
	date-modified = {2024-01-02 17:18:40 +0100},
	doi = {10.3390/universe4100100},
	eprint = {1805.01609},
	journal = {Universe},
	keywords = {QC},
	number = {10},
	pages = {100},
	primaryclass = {hep-th},
	title = {{Inconsistencies of the New No-Boundary Proposal}},
	volume = {4},
	year = {2018},
	bdsk-url-1 = {https://doi.org/10.3390/universe4100100}}

@article{Bena:2020aa,
	archiveprefix = {arXiv},
	author = {Bena, Iosif and Pilch, Krzysztof and Warner, Nicholas P.},
	date-added = {2024-01-02 16:11:33 +0100},
	date-modified = {2024-01-02 16:34:24 +0100},
	doi = {10.1007/JHEP10(2020)091},
	eprint = {2003.02851},
	journal = {JHEP},
	pages = {091},
	primaryclass = {hep-th},
	title = {{Brane-Jet Instabilities}},
	volume = {10},
	year = {2020},
	bdsk-url-1 = {https://doi.org/10.1007/JHEP10(2020)091}}

@article{Yamada:2008em,
	archiveprefix = {arXiv},
	author = {Yamada, Daiske},
	date-added = {2024-01-02 16:11:33 +0100},
	date-modified = {2024-01-02 16:11:33 +0100},
	doi = {10.1088/0264-9381/25/14/145006},
	eprint = {0802.3508},
	journal = {Class. Quant. Grav.},
	pages = {145006},
	primaryclass = {hep-th},
	title = {{Fragmentation of Spinning Branes}},
	volume = {25},
	year = {2008},
	bdsk-url-1 = {https://doi.org/10.1088/0264-9381/25/14/145006}}

@article{Yamada:2007aa,
	author = {D Yamada},
	date-added = {2024-01-02 16:11:33 +0100},
	date-modified = {2024-01-02 16:34:24 +0100},
	doi = {10.1088/0264-9381/24/13/013},
	journal = {Classical and Quantum Gravity},
	month = {jun},
	number = {13},
	pages = {3347--3376},
	publisher = {{IOP} Publishing},
	title = {Metastability of $\less$i$\greater$R$\less$/i$\greater$ -charged black holes},
	url = {https://doi.org/10.1088%2F0264-9381%2F24%2F13%2F013},
	volume = {24},
	year = 2007,
	bdsk-url-1 = {https://doi.org/10.1088%2F0264-9381%2F24%2F13%2F013},
	bdsk-url-2 = {https://doi.org/10.1088/0264-9381/24/13/013}}

@article{Chamblin:1999aa,
	author = {Andrew Chamblin and Roberto Emparan and Clifford V. Johnson and Robert C. Myers},
	date-added = {2024-01-02 16:11:33 +0100},
	date-modified = {2024-01-02 16:34:24 +0100},
	doi = {10.1103/physrevd.60.064018},
	journal = {Physical Review D},
	month = {aug},
	number = {6},
	publisher = {American Physical Society ({APS})},
	title = {Charged {AdS} black holes and catastrophic holography},
	url = {https://doi.org/10.1103%2Fphysrevd.60.064018},
	volume = {60},
	year = 1999,
	bdsk-url-1 = {https://doi.org/10.1103%2Fphysrevd.60.064018},
	bdsk-url-2 = {https://doi.org/10.1103/physrevd.60.064018}}

@article{Cai:1999aa,
	archiveprefix = {arXiv},
	author = {Cai, Rong-Gen and Soh, Kwang-Sup},
	date-added = {2024-01-02 16:11:33 +0100},
	date-modified = {2024-01-02 16:34:24 +0100},
	doi = {10.1142/S0217732399001966},
	eprint = {hep-th/9812121},
	journal = {Mod. Phys. Lett. A},
	pages = {1895--1908},
	title = {{Critical behavior in the rotating D-branes}},
	volume = {14},
	year = {1999},
	bdsk-url-1 = {https://doi.org/10.1142/S0217732399001966}}

@article{Cvetic:1999ab,
	author = {Mirjam Cvetic and Steven S Gubser},
	date-added = {2024-01-02 16:11:33 +0100},
	date-modified = {2024-01-02 16:34:24 +0100},
	doi = {10.1088/1126-6708/1999/07/010},
	journal = {Journal of High Energy Physics},
	month = {jul},
	number = {07},
	pages = {010--010},
	publisher = {Springer Science and Business Media {LLC}},
	title = {Thermodynamic stability and phases of general spinning branes},
	url = {https://doi.org/10.1088%2F1126-6708%2F1999%2F07%2F010},
	volume = {1999},
	year = 1999,
	bdsk-url-1 = {https://doi.org/10.1088%2F1126-6708%2F1999%2F07%2F010},
	bdsk-url-2 = {https://doi.org/10.1088/1126-6708/1999/07/010}}

@article{Cvetic:1999aa,
	author = {Mirjam Cvetic and Steven S Gubser},
	date-added = {2024-01-02 16:11:33 +0100},
	date-modified = {2024-01-02 16:34:24 +0100},
	doi = {10.1088/1126-6708/1999/04/024},
	journal = {Journal of High Energy Physics},
	month = {apr},
	number = {04},
	pages = {024--024},
	publisher = {Springer Science and Business Media {LLC}},
	title = {Phases of R-charged black holes, spinning branes and strongly coupled gauge theories},
	url = {https://doi.org/10.1088%2F1126-6708%2F1999%2F04%2F024},
	volume = {1999},
	year = 1999,
	bdsk-url-1 = {https://doi.org/10.1088%2F1126-6708%2F1999%2F04%2F024},
	bdsk-url-2 = {https://doi.org/10.1088/1126-6708/1999/04/024}}

@article{Cvetic:1999ac,
	author = {M. Cvetic and M.J. Duff and P. Hoxha and James T. Liu and H. L{\"u} and J.X. Lu and R. Martinez-Acosta and C.N. Pope and H. Sati and T.A. Tran},
	date-added = {2024-01-02 16:11:33 +0100},
	date-modified = {2024-01-02 16:34:24 +0100},
	doi = {10.1016/s0550-3213(99)00419-8},
	journal = {Nuclear Physics B},
	month = {oct},
	number = {1-2},
	pages = {96--126},
	publisher = {Elsevier {BV}},
	title = {Embedding {AdS} black holes in ten and eleven dimensions},
	url = {https://doi.org/10.1016%2Fs0550-3213%2899%2900419-8},
	volume = {558},
	year = 1999,
	bdsk-url-1 = {https://doi.org/10.1016%2Fs0550-3213%2899%2900419-8},
	bdsk-url-2 = {https://doi.org/10.1016/s0550-3213(99)00419-8}}

@article{Behrndt:1999aa,
	author = {K. Behrndt and M. Cveti{\v{c}} and W.A. Sabra},
	date-added = {2024-01-02 16:11:33 +0100},
	date-modified = {2024-01-02 16:34:24 +0100},
	doi = {10.1016/s0550-3213(99)00243-6},
	journal = {Nuclear Physics B},
	month = {jul},
	number = {1-2},
	pages = {317--332},
	publisher = {Elsevier {BV}},
	title = {Non-extreme black holes of five-dimensional N = 2 {AdS} supergravity},
	url = {https://doi.org/10.1016%2Fs0550-3213%2899%2900243-6},
	volume = {553},
	year = 1999,
	bdsk-url-1 = {https://doi.org/10.1016%2Fs0550-3213%2899%2900243-6},
	bdsk-url-2 = {https://doi.org/10.1016/s0550-3213(99)00243-6}}

@article{Danielsson:2021aa,
	archiveprefix = {arXiv},
	author = {Danielsson, U. H. and Panizo, D. and Tielemans, R. and Van Riet, T.},
	date-added = {2024-01-02 16:11:33 +0100},
	date-modified = {2024-01-02 17:07:40 +0100},
	doi = {10.1103/PhysRevD.104.086015},
	eprint = {2105.03253},
	journal = {Phys. Rev. D},
	keywords = {DB},
	number = {8},
	pages = {086015},
	primaryclass = {hep-th},
	reportnumber = {UUITP - 22/21},
	title = {{Higher-dimensional view on quantum cosmology}},
	volume = {104},
	year = {2021},
	bdsk-url-1 = {https://doi.org/10.1103/PhysRevD.104.086015}}

@article{Vilenkin:2018ab,
	archiveprefix = {arXiv},
	author = {Vilenkin, Alexander and Yamada, Masaki},
	date-added = {2024-01-02 16:11:33 +0100},
	date-modified = {2024-01-02 17:18:59 +0100},
	doi = {10.1103/physrevd.98.066003},
	eprint = {1808.02032},
	issn = {2470-0029},
	journal = {Physical Review D},
	keywords = {QC},
	month = {Sep},
	number = {6},
	primaryclass = {gr-qc},
	publisher = {American Physical Society (APS)},
	title = {Tunneling wave function of the universe},
	url = {http://dx.doi.org/10.1103/PhysRevD.98.066003},
	volume = {98},
	year = {2018},
	bdsk-url-1 = {http://dx.doi.org/10.1103/PhysRevD.98.066003}}

@article{Callan:1998aa,
	archiveprefix = {arXiv},
	author = {Callan, Curtis G. and Maldacena, J.M.},
	date-added = {2024-01-02 16:11:33 +0100},
	date-modified = {2024-01-02 16:34:24 +0100},
	doi = {10.1016/s0550-3213(97)00700-1},
	eprint = {9708147},
	issn = {0550-3213},
	journal = {Nuclear Physics B},
	month = {Mar},
	number = {1-2},
	pages = {198--212},
	primaryclass = {hep-th},
	publisher = {Elsevier BV},
	title = {Brane dynamics from the Born-Infeld action},
	url = {http://dx.doi.org/10.1016/S0550-3213(97)00700-1},
	volume = {513},
	year = {1998},
	bdsk-url-1 = {http://dx.doi.org/10.1016/S0550-3213(97)00700-1}}

@article{Gauntlett:1999aa,
	archiveprefix = {arXiv},
	author = {Gauntlett, J. P. and Koehl, C. and Mateos, D. and Townsend, P. K. and Zamaklar, M.},
	date-added = {2024-01-02 16:11:33 +0100},
	date-modified = {2024-01-02 16:34:24 +0100},
	doi = {10.1103/physrevd.60.045004},
	eprint = {9903156},
	issn = {1089-4918},
	journal = {Physical Review D},
	month = {Jul},
	number = {4},
	primaryclass = {hep-th},
	publisher = {American Physical Society (APS)},
	title = {Finite energy Dirac-Born-Infeld monopoles and string junctions},
	url = {http://dx.doi.org/10.1103/PhysRevD.60.045004},
	volume = {60},
	year = {1999},
	bdsk-url-1 = {http://dx.doi.org/10.1103/PhysRevD.60.045004}}

@article{Lunin:2007aa,
	archiveprefix = {arXiv},
	author = {Lunin, Oleg},
	date-added = {2024-01-02 16:11:33 +0100},
	date-modified = {2024-01-02 16:34:24 +0100},
	doi = {10.1088/1126-6708/2007/09/093},
	eprint = {0706.3396},
	issn = {1029-8479},
	journal = {Journal of High Energy Physics},
	month = {Sep},
	number = {09},
	pages = {093--093},
	primaryclass = {hep-th},
	publisher = {Springer Science and Business Media LLC},
	title = {Strings ending on branes from supergravity},
	url = {http://dx.doi.org/10.1088/1126-6708/2007/09/093},
	volume = {2007},
	year = {2007},
	bdsk-url-1 = {http://dx.doi.org/10.1088/1126-6708/2007/09/093}}

@article{Danielsson:2019aa,
	archiveprefix = {arXiv},
	author = {Danielsson, Ulf},
	date-added = {2024-01-02 16:11:33 +0100},
	date-modified = {2024-01-05 12:49:02 +0100},
	doi = {10.1007/jhep04(2019)095},
	eprint = {1809.04512},
	issn = {1029-8479},
	journal = {Journal of High Energy Physics},
	keywords = {Swamp},
	month = {Apr},
	number = {4},
	primaryclass = {hep-th},
	publisher = {Springer Science and Business Media LLC},
	title = {The quantum swampland},
	url = {http://dx.doi.org/10.1007/JHEP04(2019)095},
	volume = {2019},
	year = {2019},
	bdsk-url-1 = {http://dx.doi.org/10.1007/JHEP04(2019)095}}

@article{Feldbrugge:2017ad,
	archiveprefix = {arXiv},
	author = {Feldbrugge, Job and Lehners, Jean-Luc and Turok, Neil},
	date-added = {2024-01-02 16:11:33 +0100},
	date-modified = {2024-01-02 17:17:57 +0100},
	doi = {10.1103/physrevlett.119.171301},
	eprint = {1705.00192},
	issn = {1079-7114},
	journal = {Physical Review Letters},
	keywords = {QC},
	month = {Oct},
	number = {17},
	primaryclass = {hep-th},
	publisher = {American Physical Society (APS)},
	title = {No Smooth Beginning for Spacetime},
	url = {http://dx.doi.org/10.1103/PhysRevLett.119.171301},
	volume = {119},
	year = {2017},
	bdsk-url-1 = {http://dx.doi.org/10.1103/PhysRevLett.119.171301}}

@article{Di-Tucci:2019ab,
	archiveprefix = {arXiv},
	author = {Di Tucci, Alice and Lehners, Jean-Luc},
	date-added = {2024-01-02 16:11:33 +0100},
	date-modified = {2024-01-02 17:19:43 +0100},
	doi = {10.1103/physrevlett.122.201302},
	eprint = {1903.06757},
	issn = {1079-7114},
	journal = {Physical Review Letters},
	keywords = {QC},
	month = {May},
	number = {20},
	primaryclass = {hep-th},
	publisher = {American Physical Society (APS)},
	title = {No-Boundary Proposal as a Path Integral with Robin Boundary Conditions},
	url = {http://dx.doi.org/10.1103/PhysRevLett.122.201302},
	volume = {122},
	year = {2019},
	bdsk-url-1 = {http://dx.doi.org/10.1103/PhysRevLett.122.201302}}

@misc{Freivogel:2016aa,
	archiveprefix = {arXiv},
	author = {Ben Freivogel and Matthew Kleban},
	date-added = {2024-01-02 16:11:33 +0100},
	date-modified = {2024-01-05 12:50:04 +0100},
	eprint = {1610.04564},
	keywords = {Swamp, Decay, WGC},
	primaryclass = {hep-th},
	title = {Vacua Morghulis},
	year = {2016}}

@article{Hertog:2021aa,
	archiveprefix = {arXiv},
	author = {Hertog, Thomas and Tielemans, Rob and Van Riet, Thomas},
	date-added = {2024-01-02 16:11:33 +0100},
	date-modified = {2024-01-05 12:51:23 +0100},
	doi = {10.1088/1475-7516/2021/08/064},
	eprint = {2101.01437},
	journal = {JCAP},
	keywords = {QC},
	pages = {064},
	primaryclass = {hep-th},
	title = {{Cosmic eggs to relax the cosmological constant}},
	volume = {08},
	year = {2021},
	bdsk-url-1 = {https://doi.org/10.1088/1475-7516/2021/08/064}}

@article{Lindblom:2017aa,
	author = {Lindblom, Lee and Taylor, Nicholas W. and Zhang, Fan},
	date-added = {2024-01-02 16:11:33 +0100},
	date-modified = {2024-01-02 16:34:24 +0100},
	doi = {10.1007/s10714-017-2303-y},
	issn = {1572-9532},
	journal = {General Relativity and Gravitation},
	month = {Oct},
	number = {11},
	publisher = {Springer Science and Business Media LLC},
	title = {Scalar, vector and tensor harmonics on the three-sphere},
	url = {http://dx.doi.org/10.1007/s10714-017-2303-y},
	volume = {49},
	year = {2017},
	bdsk-url-1 = {http://dx.doi.org/10.1007/s10714-017-2303-y}}

@article{Gerlach:1978aa,
	author = {Gerlach, Ulrich H. and Sengupta, Uday K.},
	date-added = {2024-01-02 16:11:33 +0100},
	date-modified = {2024-01-02 16:34:24 +0100},
	doi = {10.1103/PhysRevD.18.1773},
	issue = {6},
	journal = {Phys. Rev. D},
	month = {Sep},
	numpages = {0},
	pages = {1773--1784},
	publisher = {American Physical Society},
	title = {Homogeneous collapsing star: Tensor and vector harmonics for matter and field asymmetries},
	url = {https://link.aps.org/doi/10.1103/PhysRevD.18.1773},
	volume = {18},
	year = {1978},
	bdsk-url-1 = {https://link.aps.org/doi/10.1103/PhysRevD.18.1773},
	bdsk-url-2 = {https://doi.org/10.1103/PhysRevD.18.1773}}

@article{Vilenkin:1982aa,
	abstract = {A cosmological model is proposed in which the universe is created by quantum tunneling from literally nothing into a de Sitter space. After the tunneling, the model evolves along the lines of the inflationary scenario. This model does not have a big-bang singularity and does not require any initial or boundary conditions.},
	author = {Alexander Vilenkin},
	date-added = {2024-01-02 16:11:33 +0100},
	date-modified = {2024-01-02 17:15:09 +0100},
	doi = {https://doi.org/10.1016/0370-2693(82)90866-8},
	issn = {0370-2693},
	journal = {Physics Letters B},
	keywords = {QC},
	number = {1},
	pages = {25-28},
	title = {Creation of universes from nothing},
	url = {https://www.sciencedirect.com/science/article/pii/0370269382908668},
	volume = {117},
	year = {1982},
	bdsk-url-1 = {https://www.sciencedirect.com/science/article/pii/0370269382908668},
	bdsk-url-2 = {https://doi.org/10.1016/0370-2693(82)90866-8}}

@article{Vilenkin:1984aa,
	author = {Vilenkin, Alexander},
	date-added = {2024-01-02 16:11:33 +0100},
	date-modified = {2024-01-02 17:15:01 +0100},
	doi = {10.1103/PhysRevD.30.509},
	issue = {2},
	journal = {Phys. Rev. D},
	keywords = {QC},
	month = {Jul},
	numpages = {0},
	pages = {509--511},
	publisher = {American Physical Society},
	title = {Quantum creation of universes},
	url = {https://link.aps.org/doi/10.1103/PhysRevD.30.509},
	volume = {30},
	year = {1984},
	bdsk-url-1 = {https://link.aps.org/doi/10.1103/PhysRevD.30.509},
	bdsk-url-2 = {https://doi.org/10.1103/PhysRevD.30.509}}

@article{Hartle:1983aa,
	author = {Hartle, J. B. and Hawking, S. W.},
	date-added = {2024-01-02 16:11:33 +0100},
	date-modified = {2024-01-02 17:15:05 +0100},
	doi = {10.1103/PhysRevD.28.2960},
	issue = {12},
	journal = {Phys. Rev. D},
	keywords = {QC},
	month = {Dec},
	numpages = {0},
	pages = {2960--2975},
	publisher = {American Physical Society},
	title = {Wave function of the Universe},
	url = {https://link.aps.org/doi/10.1103/PhysRevD.28.2960},
	volume = {28},
	year = {1983},
	bdsk-url-1 = {https://link.aps.org/doi/10.1103/PhysRevD.28.2960},
	bdsk-url-2 = {https://doi.org/10.1103/PhysRevD.28.2960}}

@article{Isaacson:1968aa,
	author = {Isaacson, Richard A.},
	date-added = {2024-01-02 16:11:33 +0100},
	date-modified = {2024-01-02 16:34:14 +0100},
	doi = {10.1103/PhysRev.166.1272},
	issue = {5},
	journal = {Phys. Rev.},
	month = {Feb},
	numpages = {0},
	pages = {1272--1280},
	publisher = {American Physical Society},
	title = {Gravitational Radiation in the Limit of High Frequency. II. Nonlinear Terms and the Effective Stress Tensor},
	url = {https://link.aps.org/doi/10.1103/PhysRev.166.1272},
	volume = {166},
	year = {1968},
	bdsk-url-1 = {https://link.aps.org/doi/10.1103/PhysRev.166.1272},
	bdsk-url-2 = {https://doi.org/10.1103/PhysRev.166.1272}}

@article{Feldbrugge:2017ac,
	archiveprefix = {arXiv},
	author = {Feldbrugge, Job and Lehners, Jean-Luc and Turok, Neil},
	date-added = {2024-01-02 16:11:33 +0100},
	date-modified = {2024-01-02 17:18:04 +0100},
	doi = {10.1103/PhysRevD.95.103508},
	eprint = {1703.02076},
	issue = {10},
	journal = {Phys. Rev. D},
	keywords = {QC},
	month = {May},
	numpages = {20},
	pages = {103508},
	primaryclass = {hep-th},
	publisher = {American Physical Society},
	title = {Lorentzian quantum cosmology},
	url = {https://link.aps.org/doi/10.1103/PhysRevD.95.103508},
	volume = {95},
	year = {2017},
	bdsk-url-1 = {https://link.aps.org/doi/10.1103/PhysRevD.95.103508},
	bdsk-url-2 = {https://doi.org/10.1103/PhysRevD.95.103508}}

@article{Dorronsoro:2017aa,
	archiveprefix = {arXiv},
	author = {Dorronsoro, J. Diaz and Halliwell, J. J. and Hartle, J. B. and Hertog, T. and Janssen, O.},
	date-added = {2024-01-02 16:11:33 +0100},
	date-modified = {2024-01-02 17:18:01 +0100},
	doi = {10.1103/PhysRevD.96.043505},
	eprint = {1705.05340},
	issue = {4},
	journal = {Phys. Rev. D},
	keywords = {QC},
	month = {Aug},
	numpages = {7},
	pages = {043505},
	primaryclass = {gr-qc},
	publisher = {American Physical Society},
	title = {Real no-boundary wave function in Lorentzian quantum cosmology},
	url = {https://link.aps.org/doi/10.1103/PhysRevD.96.043505},
	volume = {96},
	year = {2017},
	bdsk-url-1 = {https://link.aps.org/doi/10.1103/PhysRevD.96.043505},
	bdsk-url-2 = {https://doi.org/10.1103/PhysRevD.96.043505}}

@article{Dorronsoro:2018aa,
	archiveprefix = {arXiv},
	author = {Dorronsoro, J. Diaz and Halliwell, J. J. and Hartle, J. B. and Hertog, T. and Janssen, O. and Vreys, Y.},
	date-added = {2024-01-02 16:11:33 +0100},
	date-modified = {2024-01-02 17:19:03 +0100},
	doi = {10.1103/PhysRevLett.121.081302},
	eprint = {1804.01102},
	issue = {8},
	journal = {Phys. Rev. Lett.},
	keywords = {QC},
	month = {Aug},
	numpages = {6},
	pages = {081302},
	primaryclass = {gr-qc},
	publisher = {American Physical Society},
	title = {Damped Perturbations in the No-Boundary State},
	url = {https://link.aps.org/doi/10.1103/PhysRevLett.121.081302},
	volume = {121},
	year = {2018},
	bdsk-url-1 = {https://link.aps.org/doi/10.1103/PhysRevLett.121.081302},
	bdsk-url-2 = {https://doi.org/10.1103/PhysRevLett.121.081302}}

@article{Alwis:2019ab,
	archiveprefix = {arXiv},
	author = {de Alwis, S. P.},
	date-added = {2024-01-02 16:11:33 +0100},
	date-modified = {2024-01-02 17:19:39 +0100},
	doi = {10.1103/PhysRevD.100.043544},
	eprint = {1811.12892},
	issue = {4},
	journal = {Phys. Rev. D},
	keywords = {QC},
	month = {Aug},
	numpages = {13},
	pages = {043544},
	primaryclass = {hep-th},
	publisher = {American Physical Society},
	title = {Wave function of the Universe and CMB fluctuations},
	url = {https://link.aps.org/doi/10.1103/PhysRevD.100.043544},
	volume = {100},
	year = {2019},
	bdsk-url-1 = {https://link.aps.org/doi/10.1103/PhysRevD.100.043544},
	bdsk-url-2 = {https://doi.org/10.1103/PhysRevD.100.043544}}

@article{Randall:1999aa,
	archiveprefix = {arXiv},
	author = {Randall, Lisa and Sundrum, Raman},
	date-added = {2024-01-02 16:11:33 +0100},
	date-modified = {2024-01-05 12:54:28 +0100},
	doi = {10.1103/physrevlett.83.3370},
	eprint = {9905221},
	issn = {1079-7114},
	journal = {Physical Review Letters},
	keywords = {Braneworld},
	month = {Oct},
	number = {17},
	pages = {3370--3373},
	primaryclass = {hep-ph},
	publisher = {American Physical Society (APS)},
	title = {Large Mass Hierarchy from a Small Extra Dimension},
	url = {http://dx.doi.org/10.1103/PhysRevLett.83.3370},
	volume = {83},
	year = {1999},
	bdsk-url-1 = {http://dx.doi.org/10.1103/PhysRevLett.83.3370}}

@article{Randall:1999ab,
	archiveprefix = {arXiv},
	author = {Randall, Lisa and Sundrum, Raman},
	date-added = {2024-01-02 16:11:33 +0100},
	date-modified = {2024-01-05 12:54:39 +0100},
	doi = {10.1103/physrevlett.83.4690},
	eprint = {9906064},
	issn = {1079-7114},
	journal = {Physical Review Letters},
	keywords = {Braneworld},
	month = {Dec},
	number = {23},
	pages = {4690--4693},
	primaryclass = {hep-th},
	publisher = {American Physical Society (APS)},
	title = {An Alternative to Compactification},
	url = {http://dx.doi.org/10.1103/PhysRevLett.83.4690},
	volume = {83},
	year = {1999},
	bdsk-url-1 = {http://dx.doi.org/10.1103/PhysRevLett.83.4690}}

@article{Basile:2020ab,
	archiveprefix = {arXiv},
	author = {Basile, Ivano and Lanza, Stefano},
	date-added = {2024-01-02 16:11:33 +0100},
	date-modified = {2024-01-05 12:45:43 +0100},
	doi = {10.1007/jhep10(2020)108},
	eprint = {2007.13757},
	issn = {1029-8479},
	journal = {Journal of High Energy Physics},
	keywords = {DB, Landscape},
	month = {Oct},
	number = {10},
	primaryclass = {hep-th},
	publisher = {Springer Science and Business Media LLC},
	title = {de Sitter in non-supersymmetric string theories: no-go theorems and brane-worlds},
	url = {http://dx.doi.org/10.1007/JHEP10(2020)108},
	volume = {2020},
	year = {2020},
	bdsk-url-1 = {http://dx.doi.org/10.1007/JHEP10(2020)108}}

@article{Karch:2001ab,
	archiveprefix = {arXiv},
	author = {Karch, Andreas and Randall, Lisa},
	date-added = {2024-01-02 16:11:33 +0100},
	date-modified = {2024-01-05 12:52:13 +0100},
	doi = {10.1088/1126-6708/2001/05/008},
	eprint = {0011156},
	issn = {1029-8479},
	journal = {Journal of High Energy Physics},
	keywords = {Braneworld},
	month = {May},
	number = {05},
	pages = {008--008},
	primaryclass = {hep-th},
	publisher = {Springer Science and Business Media LLC},
	title = {Locally localized gravity},
	url = {http://dx.doi.org/10.1088/1126-6708/2001/05/008},
	volume = {2001},
	year = {2001},
	bdsk-url-1 = {http://dx.doi.org/10.1088/1126-6708/2001/05/008}}

@article{Banerjee:2021ac,
	archiveprefix = {arXiv},
	author = {Banerjee, Souvik and Danielsson, Ulf and Giri, Suvendu},
	date-added = {2024-01-02 16:11:33 +0100},
	date-modified = {2024-01-02 17:06:37 +0100},
	doi = {10.1142/s0218271821420293},
	eprint = {2103.17121},
	issn = {1793-6594},
	journal = {International Journal of Modern Physics D},
	keywords = {DB},
	month = {Oct},
	number = {14},
	primaryclass = {hep-th},
	publisher = {World Scientific Pub Co Pte Ltd},
	title = {Curing with Hemlock: Escaping the swampland using instabilities from string theory},
	url = {http://dx.doi.org/10.1142/S0218271821420293},
	volume = {30},
	year = {2021},
	bdsk-url-1 = {http://dx.doi.org/10.1142/S0218271821420293}}

@article{Danielsson:2017aa,
	archiveprefix = {arXiv},
	author = {Danielsson, Ulf and Dibitetto, Giuseppe},
	date-added = {2024-01-02 16:11:33 +0100},
	date-modified = {2024-01-02 16:34:24 +0100},
	doi = {10.1103/PhysRevD.96.026020},
	eprint = {1611.01395},
	journal = {Phys. Rev. D},
	number = {2},
	pages = {026020},
	primaryclass = {hep-th},
	reportnumber = {UUITP-27-16},
	title = {{Fate of stringy AdS vacua and the weak gravity conjecture}},
	volume = {96},
	year = {2017},
	bdsk-url-1 = {https://doi.org/10.1103/PhysRevD.96.026020}}

@article{Obied:2018aa,
	archiveprefix = {arXiv},
	author = {Obied, Georges and Ooguri, Hirosi and Spodyneiko, Lev and Vafa, Cumrun},
	date-added = {2024-01-02 16:11:33 +0100},
	date-modified = {2024-01-02 16:34:24 +0100},
	eprint = {1806.08362},
	month = {6},
	primaryclass = {hep-th},
	reportnumber = {CALT-TH-2018-020, IPMU18-0100},
	title = {{De Sitter Space and the Swampland}},
	year = {2018}}

@misc{Beest:2021aa,
	archiveprefix = {arXiv},
	author = {Marieke van Beest and Jos{\'e} Calder{\'o}n-Infante and Delaram Mirfendereski and Irene Valenzuela},
	date-added = {2024-01-02 16:11:33 +0100},
	date-modified = {2024-01-05 12:46:33 +0100},
	eprint = {2102.01111},
	keywords = {Swamp},
	primaryclass = {hep-th},
	title = {Lectures on the Swampland Program in String Compactifications},
	year = {2021}}

@article{Berglund:2021ab,
	archiveprefix = {arXiv},
	author = {Berglund, Per and H{\"u}bsch, Tristan and Minic, Djordje},
	date-added = {2024-01-02 16:11:33 +0100},
	date-modified = {2024-01-05 12:46:48 +0100},
	doi = {10.3390/universe7100363},
	eprint = {2109.01122},
	issn = {2218-1997},
	journal = {Universe},
	keywords = {DB},
	month = {Sep},
	number = {10},
	pages = {363},
	primaryclass = {hep-th},
	publisher = {MDPI AG},
	title = {Stringy Bubbles Solve de Sitter Troubles},
	url = {http://dx.doi.org/10.3390/universe7100363},
	volume = {7},
	year = {2021},
	bdsk-url-1 = {http://dx.doi.org/10.3390/universe7100363}}

@article{Basile:2021ab,
	archiveprefix = {arXiv},
	author = {Basile, Ivano},
	date-added = {2024-01-02 16:11:33 +0100},
	date-modified = {2024-01-05 12:46:03 +0100},
	doi = {10.1007/s40766-021-00024-9},
	eprint = {2107.02814},
	journal = {Riv. Nuovo Cim.},
	keywords = {DB, Landscape, Swamp},
	number = {10},
	pages = {499--596},
	primaryclass = {hep-th},
	title = {{Supersymmetry breaking and stability in string vacua: Brane dynamics, bubbles and the swampland}},
	volume = {44},
	year = {2021},
	bdsk-url-1 = {https://doi.org/10.1007/s40766-021-00024-9}}

@article{Koga:2019aa,
	archiveprefix = {arXiv},
	author = {Koga, Issei and Ookouchi, Yutaka},
	date-added = {2024-01-02 16:11:33 +0100},
	date-modified = {2024-01-05 12:52:03 +0100},
	doi = {10.1007/JHEP10(2019)281},
	eprint = {1909.03014},
	journal = {JHEP},
	keywords = {DB},
	pages = {281},
	primaryclass = {hep-th},
	title = {{Catalytic creation of baby bubble universe with small positive cosmological constant}},
	volume = {10},
	year = {2019},
	bdsk-url-1 = {https://doi.org/10.1007/JHEP10(2019)281}}

@article{Koga:2021aa,
	archiveprefix = {arXiv},
	author = {Koga, Issei and Ookouchi, Yutaka},
	date-added = {2024-01-02 16:11:33 +0100},
	date-modified = {2024-01-02 17:20:14 +0100},
	doi = {10.1103/PhysRevD.104.126015},
	eprint = {2011.07437},
	journal = {Phys. Rev. D},
	keywords = {DB},
	number = {12},
	pages = {126015},
	primaryclass = {hep-th},
	title = {{Catalytic creation of a bubble universe induced by quintessence in five dimensions}},
	volume = {104},
	year = {2021},
	bdsk-url-1 = {https://doi.org/10.1103/PhysRevD.104.126015}}

@article{Henriksson:2019aa,
	archiveprefix = {arXiv},
	author = {Henriksson, Oscar and Hoyos, Carlos and Jokela, Niko},
	date-added = {2024-01-02 16:11:33 +0100},
	date-modified = {2024-01-02 16:34:24 +0100},
	doi = {10.1007/JHEP09(2019)088},
	eprint = {1907.01562},
	journal = {JHEP},
	pages = {088},
	primaryclass = {hep-th},
	reportnumber = {HIP-2019-19/TH},
	title = {{Novel color superconducting phases of $\cal{N}$ = 4 super Yang-Mills at strong coupling}},
	volume = {09},
	year = {2019},
	bdsk-url-1 = {https://doi.org/10.1007/JHEP09(2019)088}}

@article{Henriksson:2022aa,
	archiveprefix = {arXiv},
	author = {Henriksson, Oscar},
	date-added = {2024-01-02 16:11:33 +0100},
	date-modified = {2024-01-02 16:34:24 +0100},
	doi = {10.1103/PhysRevD.105.L041901},
	eprint = {2106.13254},
	journal = {Phys. Rev. D},
	number = {4},
	pages = {L041901},
	primaryclass = {hep-th},
	reportnumber = {HIP-2021-20/TH},
	title = {{Black brane evaporation through D-brane bubble nucleation}},
	volume = {105},
	year = {2022},
	bdsk-url-1 = {https://doi.org/10.1103/PhysRevD.105.L041901}}

@article{Koga:2022aa,
	archiveprefix = {arXiv},
	author = {Koga, Issei and Oshita, Naritaka and Ueda, Kazushige},
	date-added = {2024-01-02 16:11:33 +0100},
	date-modified = {2024-01-02 17:21:06 +0100},
	eprint = {2209.05625},
	keywords = {DB},
	month = {9},
	primaryclass = {hep-th},
	reportnumber = {RIKEN-iTHEMS-Report-22},
	title = {{dS${}_4$ universe emergent from Kerr-AdS${}_5$ spacetime: bubble nucleation catalyzed by a black hole}},
	year = {2022}}

@article{Banerjee:2021aa,
	archiveprefix = {arXiv},
	author = {Banerjee, Souvik and Danielsson, Ulf and Giri, Suvendu},
	date-added = {2024-01-02 16:11:33 +0100},
	date-modified = {2024-01-02 17:06:40 +0100},
	doi = {10.1007/JHEP09(2021)158},
	eprint = {2102.02164},
	journal = {JHEP},
	keywords = {DB},
	pages = {158},
	primaryclass = {hep-th},
	reportnumber = {UUITP-05/21},
	title = {{Dark bubbles and black holes}},
	volume = {09},
	year = {2021},
	bdsk-url-1 = {https://doi.org/10.1007/JHEP09(2021)158}}

@article{Danielsson:2022aa,
	archiveprefix = {arXiv},
	author = {Danielsson, Ulf and Panizo, Daniel and Tielemans, Rob},
	date-added = {2024-01-02 16:11:33 +0100},
	date-modified = {2024-01-02 17:07:36 +0100},
	doi = {10.1103/PhysRevD.106.024002},
	eprint = {2202.00545},
	journal = {Phys. Rev. D},
	keywords = {DB},
	number = {2},
	pages = {024002},
	primaryclass = {hep-th},
	reportnumber = {UUITP - 03/22},
	title = {{Gravitational waves in dark bubble cosmology}},
	volume = {106},
	year = {2022},
	bdsk-url-1 = {https://doi.org/10.1103/PhysRevD.106.024002}}

@article{Witten:1981aa,
	author = {Edward Witten},
	date-added = {2024-01-02 16:11:33 +0100},
	date-modified = {2024-01-02 16:34:24 +0100},
	doi = {cmp/1103919981},
	journal = {Communications in Mathematical Physics},
	number = {3},
	pages = {381 -- 402},
	publisher = {Springer},
	title = {{A new proof of the positive energy theorem}},
	url = {https://doi.org/},
	volume = {80},
	year = {1981},
	bdsk-url-1 = {https://doi.org/},
	bdsk-url-2 = {https://doi.org/cmp/1103919981}}

@misc{Baumann:2009ab,
	author = {Baumann, Daniel},
	copyright = {arXiv.org perpetual, non-exclusive license},
	date-added = {2024-01-02 16:11:33 +0100},
	date-modified = {2024-01-05 12:46:14 +0100},
	doi = {10.48550/ARXIV.0907.5424},
	keywords = {Cosmo},
	publisher = {arXiv},
	title = {TASI Lectures on Inflation},
	url = {https://arxiv.org/abs/0907.5424},
	year = {2009},
	bdsk-url-1 = {https://arxiv.org/abs/0907.5424},
	bdsk-url-2 = {https://doi.org/10.48550/ARXIV.0907.5424}}

@article{Andriot:2018aa,
	author = {David Andriot},
	date-added = {2024-01-02 16:11:33 +0100},
	date-modified = {2024-01-05 12:43:21 +0100},
	doi = {10.1016/j.physletb.2018.09.022},
	journal = {Physics Letters B},
	keywords = {Swamp},
	month = {oct},
	pages = {570--573},
	publisher = {Elsevier {BV}},
	title = {On the de Sitter swampland criterion},
	url = {https://doi.org/10.1016%2Fj.physletb.2018.09.022},
	volume = {785},
	year = 2018,
	bdsk-url-1 = {https://doi.org/10.1016%2Fj.physletb.2018.09.022},
	bdsk-url-2 = {https://doi.org/10.1016/j.physletb.2018.09.022}}

@article{Montero:2022aa,
	archiveprefix = {arXiv},
	author = {Montero, Miguel and Vafa, Cumrun and Valenzuela, Irene},
	date-added = {2024-01-02 16:11:33 +0100},
	date-modified = {2024-01-05 12:53:29 +0100},
	eprint = {2205.12293},
	keywords = {Swamp, Dark Dim},
	month = {5},
	primaryclass = {hep-th},
	title = {{The Dark Dimension and the Swampland}},
	year = {2022}}

@article{Hannestad:2003yd,
	archiveprefix = {arXiv},
	author = {Hannestad, Steen and Raffelt, Georg G.},
	date-added = {2024-01-02 16:11:33 +0100},
	date-modified = {2024-01-02 16:11:33 +0100},
	doi = {10.1103/PhysRevD.69.029901},
	eprint = {hep-ph/0304029},
	journal = {Phys. Rev. D},
	note = {[Erratum: Phys.Rev.D 69, 029901 (2004)]},
	pages = {125008},
	reportnumber = {MPP-2003-19},
	title = {{Supernova and neutron star limits on large extra dimensions reexamined}},
	volume = {67},
	year = {2003},
	bdsk-url-1 = {https://doi.org/10.1103/PhysRevD.69.029901}}

@article{Mehin-Rasulian:2022aa,
	archiveprefix = {arXiv},
	author = {Mehin-Rasulian, Ida},
	date-added = {2024-01-02 16:11:33 +0100},
	date-modified = {2024-01-05 12:53:18 +0100},
	eprint = {2202.11596},
	keywords = {DB},
	month = {2},
	primaryclass = {hep-th},
	title = {{Emergent de Sitter Cosmology Near Black Hole Horizon}},
	year = {2022}}

@article{Danielsson:2023aa,
	archiveprefix = {arXiv},
	author = {Danielsson, Ulf and Henriksson, Oscar and Panizo, Daniel},
	date-added = {2024-01-02 16:11:33 +0100},
	date-modified = {2024-01-02 17:07:31 +0100},
	doi = {10.1103/PhysRevD.107.026020},
	eprint = {2211.10191},
	journal = {Phys. Rev. D},
	keywords = {DB},
	number = {2},
	pages = {026020},
	primaryclass = {hep-th},
	reportnumber = {UUITP - 49/22, HIP-2022-29/TH},
	title = {{Stringy realization of a small and positive cosmological constant in dark bubble cosmology}},
	volume = {107},
	year = {2023},
	bdsk-url-1 = {https://doi.org/10.1103/PhysRevD.107.026020}}

@article{Jalali:2015aa,
	archiveprefix = {arXiv},
	author = {Jalali, Ali and Garousi, Mohammad R.},
	date-added = {2024-01-02 16:11:33 +0100},
	date-modified = {2024-01-05 12:51:37 +0100},
	doi = {10.1103/PhysRevD.92.106004},
	eprint = {1506.02130},
	journal = {Phys. Rev. D},
	keywords = {Corrections},
	number = {10},
	pages = {106004},
	primaryclass = {hep-th},
	title = {{D-brane action at order \ensuremath{\alpha}'$^2$}},
	volume = {92},
	year = {2015},
	bdsk-url-1 = {https://doi.org/10.1103/PhysRevD.92.106004}}

@article{Jalali:2016aa,
	archiveprefix = {arXiv},
	author = {Jalali, Ali and Garousi, Mohammad R.},
	date-added = {2024-01-02 16:11:33 +0100},
	date-modified = {2024-01-05 12:51:48 +0100},
	doi = {10.1103/PhysRevD.94.086002},
	eprint = {1606.02082},
	journal = {Phys. Rev. D},
	keywords = {Corrections},
	number = {8},
	pages = {086002},
	primaryclass = {hep-th},
	title = {{Higher derivative corrections to the Wess-Zumino action}},
	volume = {94},
	year = {2016},
	bdsk-url-1 = {https://doi.org/10.1103/PhysRevD.94.086002}}

@article{Arkani-Hamed:2007aa,
	author = {Nima Arkani-Hamed and Lubo{\v{s}} Motl and Alberto Nicolis and Cumrun Vafa},
	date-added = {2024-01-02 16:11:33 +0100},
	date-modified = {2024-01-05 12:43:38 +0100},
	doi = {10.1088/1126-6708/2007/06/060},
	journal = {Journal of High Energy Physics},
	keywords = {Swamp, WGC},
	month = {jun},
	number = {06},
	pages = {060--060},
	publisher = {Springer Science and Business Media {LLC}},
	title = {The string landscape, black holes and gravity as the weakest force},
	url = {https://doi.org/10.1088%2F1126-6708%2F2007%2F06%2F060},
	volume = {2007},
	year = 2007,
	bdsk-url-1 = {https://doi.org/10.1088%2F1126-6708%2F2007%2F06%2F060},
	bdsk-url-2 = {https://doi.org/10.1088/1126-6708/2007/06/060}}

@article{Bachas:1999aa,
	author = {Constantin P Bachas and Pascal Bain and Michael B Green},
	date-added = {2024-01-02 16:11:33 +0100},
	date-modified = {2024-01-05 12:45:15 +0100},
	doi = {10.1088/1126-6708/1999/05/011},
	journal = {Journal of High Energy Physics},
	keywords = {Branes, Corrections},
	month = {may},
	number = {05},
	pages = {011--011},
	publisher = {Springer Science and Business Media {LLC}},
	title = {Curvature terms in D-brane actions and their M-theory origin},
	url = {https://doi.org/10.1088%2F1126-6708%2F1999%2F05%2F011},
	volume = {1999},
	year = 1999,
	bdsk-url-1 = {https://doi.org/10.1088%2F1126-6708%2F1999%2F05%2F011},
	bdsk-url-2 = {https://doi.org/10.1088/1126-6708/1999/05/011}}

@article{Garousi:1996aa,
	author = {Mohammad R. Garousi and Robert C. Myers},
	date-added = {2024-01-02 16:11:33 +0100},
	date-modified = {2024-01-02 16:34:24 +0100},
	doi = {10.1016/0550-3213(96)00316-1},
	journal = {Nuclear Physics B},
	month = {sep},
	number = {1-2},
	pages = {193--224},
	publisher = {Elsevier {BV}},
	title = {Superstring scattering from D-branes},
	url = {https://doi.org/10.1016%2F0550-3213%2896%2900316-1},
	volume = {475},
	year = 1996,
	bdsk-url-1 = {https://doi.org/10.1016%2F0550-3213%2896%2900316-1},
	bdsk-url-2 = {https://doi.org/10.1016/0550-3213(96)00316-1}}

@article{Green:1997aa,
	author = {Michael B Green and Jeffrey A Harvey and Gregory Moore},
	date-added = {2024-01-02 16:11:33 +0100},
	date-modified = {2024-01-02 16:34:24 +0100},
	doi = {10.1088/0264-9381/14/1/008},
	journal = {Classical and Quantum Gravity},
	month = {jan},
	number = {1},
	pages = {47--52},
	publisher = {{IOP} Publishing},
	title = {I-brane inflow and anomalous couplings on D-branes},
	url = {https://doi.org/10.1088%2F0264-9381%2F14%2F1%2F008},
	volume = {14},
	year = 1997,
	bdsk-url-1 = {https://doi.org/10.1088%2F0264-9381%2F14%2F1%2F008},
	bdsk-url-2 = {https://doi.org/10.1088/0264-9381/14/1/008}}

@article{Bachas:1996aa,
	author = {C Bachas},
	date-added = {2024-01-02 16:11:33 +0100},
	date-modified = {2024-01-05 12:44:58 +0100},
	doi = {10.1016/0370-2693(96)00238-9},
	journal = {Physics Letters B},
	keywords = {Branes, Corrections},
	month = {may},
	number = {1-3},
	pages = {37--42},
	publisher = {Elsevier {BV}},
	title = {D-brane dynamics},
	url = {https://doi.org/10.1016%2F0370-2693%2896%2900238-9},
	volume = {374},
	year = 1996,
	bdsk-url-1 = {https://doi.org/10.1016%2F0370-2693%2896%2900238-9},
	bdsk-url-2 = {https://doi.org/10.1016/0370-2693(96)00238-9}}

@misc{Douglas:1995aa,
	archiveprefix = {arXiv},
	author = {Michael R. Douglas},
	date-added = {2024-01-02 16:11:33 +0100},
	date-modified = {2024-01-02 16:34:24 +0100},
	eprint = {hep-th/9512077},
	primaryclass = {hep-th},
	title = {Branes within Branes},
	year = {1995}}

@article{Garousi:2010aa,
	author = {Mohammad R. Garousi},
	date-added = {2024-01-02 16:11:33 +0100},
	date-modified = {2024-01-05 12:50:34 +0100},
	doi = {10.1007/jhep03(2010)126},
	journal = {Journal of High Energy Physics},
	keywords = {Corrections},
	month = {mar},
	number = {3},
	publisher = {Springer Science and Business Media {LLC}},
	title = {Ramond-Ramond field strength couplings on D-branes},
	url = {https://doi.org/10.1007%2Fjhep03%282010%29126},
	volume = {2010},
	year = 2010,
	bdsk-url-1 = {https://doi.org/10.1007%2Fjhep03%282010%29126},
	bdsk-url-2 = {https://doi.org/10.1007/jhep03(2010)126}}

@article{Maldacena:1998aa,
	archiveprefix = {arXiv},
	author = {Maldacena, Juan Martin},
	date-added = {2024-01-02 16:11:33 +0100},
	date-modified = {2024-01-02 16:34:24 +0100},
	doi = {10.4310/ATMP.1998.v2.n2.a1},
	eprint = {hep-th/9711200},
	journal = {Adv. Theor. Math. Phys.},
	pages = {231--252},
	reportnumber = {HUTP-97-A097, HUTP-98-A097},
	title = {{The Large N limit of superconformal field theories and supergravity}},
	volume = {2},
	year = {1998},
	bdsk-url-1 = {https://doi.org/10.4310/ATMP.1998.v2.n2.a1}}

@article{Basile:2023aa,
	archiveprefix = {arXiv},
	author = {Basile, Ivano and Danielsson, Ulf and Giri, Suvendu and Panizo, Daniel},
	date-added = {2024-01-02 16:11:33 +0100},
	date-modified = {2024-01-02 17:08:03 +0100},
	eprint = {2310.15032},
	keywords = {DB},
	month = {10},
	primaryclass = {hep-th},
	title = {{Shedding light on dark bubble cosmology}},
	year = {2023}}

@article{Garg:2019ab,
	author = {Sumit K. Garg and Chethan Krishnan},
	date-added = {2024-01-02 16:11:01 +0100},
	date-modified = {2024-01-02 16:34:24 +0100},
	doi = {10.1007/jhep11(2019)075},
	journal = {Journal of High Energy Physics},
	month = {nov},
	number = {11},
	publisher = {Springer Science and Business Media {LLC}},
	title = {Bounds on slow roll and the de Sitter Swampland},
	url = {https://doi.org/10.1007%2Fjhep11%282019%29075},
	volume = {2019},
	year = 2019,
	bdsk-url-1 = {https://doi.org/10.1007%2Fjhep11%282019%29075},
	bdsk-url-2 = {https://doi.org/10.1007/jhep11(2019)075}}

@article{Ooguri:2019aa,
	author = {Hirosi Ooguri and Eran Palti and Gary Shiu and Cumrun Vafa},
	date-added = {2024-01-02 16:11:01 +0100},
	date-modified = {2024-01-02 16:34:24 +0100},
	doi = {10.1016/j.physletb.2018.11.018},
	journal = {Physics Letters B},
	month = {jan},
	pages = {180--184},
	publisher = {Elsevier {BV}},
	title = {Distance and de Sitter conjectures on the Swampland},
	url = {https://doi.org/10.1016%2Fj.physletb.2018.11.018},
	volume = {788},
	year = 2019,
	bdsk-url-1 = {https://doi.org/10.1016%2Fj.physletb.2018.11.018},
	bdsk-url-2 = {https://doi.org/10.1016/j.physletb.2018.11.018}}

@article{Landgren:2022aa,
	archiveprefix = {arXiv},
	author = {Landgren, Filip},
	date-added = {2024-01-02 16:11:01 +0100},
	date-modified = {2024-01-02 17:20:40 +0100},
	doi = {10.1007/JHEP01(2022)183},
	eprint = {2109.06801},
	journal = {JHEP},
	keywords = {DB},
	pages = {183},
	primaryclass = {hep-th},
	title = {{An effective three-dimensional de Sitter cosmology in string theory}},
	volume = {01},
	year = {2022},
	bdsk-url-1 = {https://doi.org/10.1007/JHEP01(2022)183}}

@article{BINI:2003aa,
	author = {BINI, DONATO and CHERUBINI, CHRISTIAN and JANTZEN, ROBERT T. and RUFFINI, REMO},
	date-added = {2024-01-02 16:11:01 +0100},
	date-modified = {2024-01-02 16:34:24 +0100},
	doi = {10.1142/S0218271803003785},
	eprint = {https://doi.org/10.1142/S0218271803003785},
	journal = {International Journal of Modern Physics D},
	number = {08},
	pages = {1363-1384},
	title = {DE RHAM WAVE EQUATION FOR TENSOR VALUED p-FORMS},
	url = {https://doi.org/10.1142/S0218271803003785},
	volume = {12},
	year = {2003},
	bdsk-url-1 = {https://doi.org/10.1142/S0218271803003785}}

@article{Banerjee:2022aa,
	archiveprefix = {arXiv},
	author = {Banerjee, Souvik and Danielsson, Ulf and Giri, Suvendu},
	date-added = {2024-01-02 16:11:01 +0100},
	date-modified = {2024-01-02 17:12:18 +0100},
	eprint = {2212.14004},
	keywords = {DB, Holo},
	month = {12},
	primaryclass = {hep-th},
	reportnumber = {UUITP-63/22},
	title = {{Dark Bubble: FAQs. Misconceptions, and why it is not Randall-Sundrum}},
	year = {2022}}

@article{Tsagas:2005aa,
	archiveprefix = {arXiv},
	author = {Tsagas, Christos G.},
	date-added = {2024-01-02 16:11:01 +0100},
	date-modified = {2024-01-02 16:34:24 +0100},
	doi = {10.1088/0264-9381/22/2/011},
	eprint = {gr-qc/0407080},
	journal = {Class. Quant. Grav.},
	pages = {393--408},
	title = {{Electromagnetic fields in curved spacetimes}},
	volume = {22},
	year = {2005},
	bdsk-url-1 = {https://doi.org/10.1088/0264-9381/22/2/011}}

@article{Mavrogiannis:2021aa,
	archiveprefix = {arXiv},
	author = {Mavrogiannis, Panagiotis and Tsagas, Christos G.},
	date-added = {2024-01-02 16:11:01 +0100},
	date-modified = {2024-01-02 16:34:24 +0100},
	doi = {10.1088/1361-6382/ac274d},
	eprint = {2104.06848},
	journal = {Class. Quant. Grav.},
	number = {23},
	pages = {235002},
	primaryclass = {gr-qc},
	title = {{Electromagnetic potentials in curved spacetimes}},
	volume = {38},
	year = {2021},
	bdsk-url-1 = {https://doi.org/10.1088/1361-6382/ac274d}}

@article{Sagnotti:1997aa,
	archiveprefix = {arXiv},
	author = {Sagnotti, Augusto},
	date-added = {2024-01-02 16:11:01 +0100},
	date-modified = {2024-01-02 16:34:24 +0100},
	doi = {10.1016/S0920-5632(97)00344-7},
	editor = {Lust, D. and Otto, H. J. and Weigt, G.},
	eprint = {hep-th/9702093},
	journal = {Nucl. Phys. B Proc. Suppl.},
	pages = {332--343},
	reportnumber = {ROM2F-97-4},
	title = {{Surprises in open string perturbation theory}},
	volume = {56},
	year = {1997},
	bdsk-url-1 = {https://doi.org/10.1016/S0920-5632(97)00344-7}}

@inproceedings{Sagnotti:1995ga,
	archiveprefix = {arXiv},
	author = {Sagnotti, Augusto},
	booktitle = {{International Workshop on Supersymmetry and Unification of Fundamental Interactions (SUSY 95)}},
	date-added = {2024-01-02 16:11:01 +0100},
	date-modified = {2024-01-02 16:11:01 +0100},
	eprint = {hep-th/9509080},
	month = {9},
	pages = {473--484},
	reportnumber = {ROM2F-95-18},
	title = {{Some properties of open string theories}},
	year = {1995}}

@article{Dudas:2001aa,
	archiveprefix = {arXiv},
	author = {Dudas, E. and Mourad, J.},
	date-added = {2024-01-02 16:11:01 +0100},
	date-modified = {2024-01-02 16:34:24 +0100},
	doi = {10.1016/S0550-3213(00)00781-1},
	eprint = {hep-th/0010179},
	journal = {Nucl. Phys. B},
	pages = {189--224},
	reportnumber = {LPT-ORSAY-00-81},
	title = {{D-branes in nontachyonic 0B orientifolds}},
	volume = {598},
	year = {2001},
	bdsk-url-1 = {https://doi.org/10.1016/S0550-3213(00)00781-1}}

@article{Dudas:2002aa,
	archiveprefix = {arXiv},
	author = {Dudas, E. and Mourad, J. and Sagnotti, A.},
	date-added = {2024-01-02 16:11:01 +0100},
	date-modified = {2024-01-02 16:34:24 +0100},
	doi = {10.1016/S0550-3213(01)00552-1},
	eprint = {hep-th/0107081},
	journal = {Nucl. Phys. B},
	pages = {109--151},
	reportnumber = {LPT-ORSAY-01-56, ROM2F-01-18},
	title = {{Charged and uncharged D-branes in various string theories}},
	volume = {620},
	year = {2002},
	bdsk-url-1 = {https://doi.org/10.1016/S0550-3213(01)00552-1}}

@article{Bonnefoy:2019aa,
	archiveprefix = {arXiv},
	author = {Bonnefoy, Quentin and Dudas, Emilian and L\"ust, Severin},
	date-added = {2024-01-02 16:11:01 +0100},
	date-modified = {2024-01-05 12:47:17 +0100},
	doi = {10.1016/j.nuclphysb.2019.114738},
	eprint = {1811.11199},
	journal = {Nucl. Phys. B},
	keywords = {Swamp, WGC},
	pages = {114738},
	primaryclass = {hep-th},
	title = {{On the weak gravity conjecture in string theory with broken supersymmetry}},
	volume = {947},
	year = {2019},
	bdsk-url-1 = {https://doi.org/10.1016/j.nuclphysb.2019.114738}}

@article{Kaloper:1999sm,
	archiveprefix = {arXiv},
	author = {Kaloper, Nemanja},
	date-added = {2024-01-02 16:11:01 +0100},
	date-modified = {2024-01-02 16:11:01 +0100},
	doi = {10.1103/PhysRevD.60.123506},
	eprint = {hep-th/9905210},
	journal = {Phys. Rev. D},
	pages = {123506},
	reportnumber = {SU-ITP-99-25},
	title = {{Bent domain walls as brane worlds}},
	volume = {60},
	year = {1999},
	bdsk-url-1 = {https://doi.org/10.1103/PhysRevD.60.123506}}

@article{Shiromizu:2000aa,
	archiveprefix = {arXiv},
	author = {Shiromizu, Tetsuya and Maeda, Kei-ichi and Sasaki, Misao},
	date-added = {2024-01-02 16:11:01 +0100},
	date-modified = {2024-01-02 16:34:24 +0100},
	doi = {10.1103/PhysRevD.62.024012},
	eprint = {gr-qc/9910076},
	journal = {Phys. Rev. D},
	pages = {024012},
	reportnumber = {DAMTP-1999-150, OUTAP-103, UTAP-349, RESCEU-40-99},
	title = {{The Einstein equation on the 3-brane world}},
	volume = {62},
	year = {2000},
	bdsk-url-1 = {https://doi.org/10.1103/PhysRevD.62.024012}}

@article{Vollick:2001aa,
	archiveprefix = {arXiv},
	author = {Vollick, Dan N.},
	date-added = {2024-01-02 16:11:01 +0100},
	date-modified = {2024-01-02 16:34:24 +0100},
	doi = {10.1088/0264-9381/18/1/301},
	eprint = {hep-th/9911181},
	journal = {Class. Quant. Grav.},
	number = {1},
	pages = {1--10},
	title = {{Cosmology on a three-brane}},
	volume = {18},
	year = {2001},
	bdsk-url-1 = {https://doi.org/10.1088/0264-9381/18/1/301}}

@article{Gubser:2001aa,
	archiveprefix = {arXiv},
	author = {Gubser, Steven S.},
	date-added = {2024-01-02 16:11:01 +0100},
	date-modified = {2024-01-02 16:34:24 +0100},
	doi = {10.1103/PhysRevD.63.084017},
	eprint = {hep-th/9912001},
	journal = {Phys. Rev. D},
	pages = {084017},
	reportnumber = {HUTP-99-A065},
	title = {{AdS / CFT and gravity}},
	volume = {63},
	year = {2001},
	bdsk-url-1 = {https://doi.org/10.1103/PhysRevD.63.084017}}

@article{Erickson:2022aa,
	archiveprefix = {arXiv},
	author = {Erickson, C. W. and Leung, Rahim and Stelle, K. S.},
	date-added = {2024-01-02 16:11:01 +0100},
	date-modified = {2024-01-02 16:34:24 +0100},
	doi = {10.1007/JHEP01(2022)130},
	eprint = {2110.10688},
	journal = {JHEP},
	pages = {130},
	primaryclass = {hep-th},
	reportnumber = {Imperial/TP/21/KS/01},
	title = {{Taxonomy of brane gravity localisations}},
	volume = {01},
	year = {2022},
	bdsk-url-1 = {https://doi.org/10.1007/JHEP01(2022)130}}

@article{Leung:2022aa,
	archiveprefix = {arXiv},
	author = {Leung, Rahim and Stelle, K. S.},
	date-added = {2024-01-02 16:11:01 +0100},
	date-modified = {2024-01-02 16:34:24 +0100},
	doi = {10.1007/JHEP09(2022)099},
	eprint = {2205.13551},
	journal = {JHEP},
	pages = {099},
	primaryclass = {hep-th},
	reportnumber = {Imperial/TP/2022/KS/02},
	title = {{Supergravities on branes}},
	volume = {09},
	year = {2022},
	bdsk-url-1 = {https://doi.org/10.1007/JHEP09(2022)099}}

@article{Bandos:2023aa,
	archiveprefix = {arXiv},
	author = {Bandos, Igor and Blanco-Pillado, Jose J. and Sousa, Kepa and Urkiola, Mikel A.},
	date-added = {2024-01-02 16:11:01 +0100},
	date-modified = {2024-01-02 16:34:24 +0100},
	doi = {10.1007/JHEP10(2023)061},
	eprint = {2306.09412},
	journal = {JHEP},
	pages = {061},
	primaryclass = {hep-th},
	title = {{Brane nucleation in supersymmetric models}},
	volume = {10},
	year = {2023},
	bdsk-url-1 = {https://doi.org/10.1007/JHEP10(2023)061}}

@article{Cordova:2019aa,
	archiveprefix = {arXiv},
	author = {C\'ordova, Clay and De Luca, G. Bruno and Tomasiello, Alessandro},
	date-added = {2024-01-02 16:11:01 +0100},
	date-modified = {2024-01-05 12:48:13 +0100},
	doi = {10.1103/PhysRevLett.122.091601},
	eprint = {1812.04147},
	journal = {Phys. Rev. Lett.},
	keywords = {Landscape},
	number = {9},
	pages = {091601},
	primaryclass = {hep-th},
	reportnumber = {CALT-TH-2018-053},
	title = {{Classical de Sitter Solutions of 10-Dimensional Supergravity}},
	volume = {122},
	year = {2019},
	bdsk-url-1 = {https://doi.org/10.1103/PhysRevLett.122.091601}}

@article{Cordova:2020aa,
	archiveprefix = {arXiv},
	author = {C\'ordova, Clay and De Luca, G. Bruno and Tomasiello, Alessandro},
	date-added = {2024-01-02 16:11:01 +0100},
	date-modified = {2024-01-05 12:48:22 +0100},
	doi = {10.1007/JHEP08(2020)093},
	eprint = {1911.04498},
	journal = {JHEP},
	keywords = {Landscape},
	pages = {093},
	primaryclass = {hep-th},
	title = {{New de Sitter Solutions in Ten Dimensions and Orientifold Singularities}},
	volume = {08},
	year = {2020},
	bdsk-url-1 = {https://doi.org/10.1007/JHEP08(2020)093}}

@article{De-Luca:2022aa,
	archiveprefix = {arXiv},
	author = {De Luca, G. Bruno and Silverstein, Eva and Torroba, Gonzalo},
	date-added = {2024-01-02 16:11:01 +0100},
	date-modified = {2024-01-02 16:34:24 +0100},
	doi = {10.21468/SciPostPhys.12.3.083},
	eprint = {2104.13380},
	journal = {SciPost Phys.},
	number = {3},
	pages = {083},
	primaryclass = {hep-th},
	title = {{Hyperbolic compactification of M-theory and de Sitter quantum gravity}},
	volume = {12},
	year = {2022},
	bdsk-url-1 = {https://doi.org/10.21468/SciPostPhys.12.3.083}}

@article{Berglund:2023aa,
	archiveprefix = {arXiv},
	author = {Berglund, Per and H\"ubsch, Tristan and Minic, Djordje},
	date-added = {2024-01-02 16:11:01 +0100},
	date-modified = {2024-01-02 16:34:24 +0100},
	doi = {10.1142/S0218271823300021},
	eprint = {2212.06086},
	journal = {Int. J. Mod. Phys. D},
	pages = {2330002},
	primaryclass = {hep-th},
	title = {{On de Sitter Spacetime and String Theory}},
	volume = {32},
	year = {2023},
	bdsk-url-1 = {https://doi.org/10.1142/S0218271823300021}}

@article{Riess_2021,
	author = {Adam G. Riess and Stefano Casertano and Wenlong Yuan and J. Bradley Bowers and Lucas Macri and Joel C. Zinn and Dan Scolnic},
	date-modified = {2024-01-05 12:54:53 +0100},
	doi = {10.3847/2041-8213/abdbaf},
	journal = {The Astrophysical Journal Letters},
	keywords = {Cosmo, Experimental},
	month = {feb},
	number = {1},
	pages = {L6},
	publisher = {American Astronomical Society},
	title = {Cosmic Distances Calibrated to 1{\%} Precision with Gaia {EDR}3 Parallaxes and Hubble Space Telescope Photometry of 75 Milky Way Cepheids Confirm Tension with ${\Lambda}${CDM}},
	url = {https://doi.org/10.3847%2F2041-8213%2Fabdbaf},
	volume = {908},
	year = 2021,
	bdsk-url-1 = {https://doi.org/10.3847%2F2041-8213%2Fabdbaf},
	bdsk-url-2 = {https://doi.org/10.3847/2041-8213/abdbaf}}

@article{lemaitre1927univers,
	author = {Lema{\^\i}tre, Georges},
	date-modified = {2024-01-05 12:52:32 +0100},
	journal = {Annales de la Soci{\'e}t{\'e} Scientifique de Bruxelles, A47, p. 49-59},
	keywords = {Cosmo},
	pages = {49--59},
	title = {Un Univers homog{\`e}ne de masse constante et de rayon croissant rendant compte de la vitesse radiale des n{\'e}buleuses extra-galactiques},
	volume = {47},
	year = {1927}}

@article{lemaitre1950primeval,
	author = {Lema{\^\i}tre, Georges},
	date-modified = {2024-01-05 12:52:41 +0100},
	keywords = {Cosmo},
	title = {The Primeval Atom an Essay on Cosmogony},
	year = {1950}}

@book{ortin2004gravity,
	author = {Ort{\'\i}n, Tom{\'a}s},
	date-modified = {2024-01-05 12:53:57 +0100},
	keywords = {Book},
	publisher = {Cambridge University Press},
	title = {Gravity and strings},
	year = {2004}}

@book{poisson2004relativist,
	author = {Poisson, Eric},
	publisher = {Cambridge university press},
	title = {A relativist's toolkit: the mathematics of black-hole mechanics},
	year = {2004}}

@book{blumenhagen2013basic,
	author = {Blumenhagen, Ralph and L{\"u}st, Dieter and Theisen, Stefan},
	date-modified = {2024-01-05 12:47:04 +0100},
	keywords = {Book},
	publisher = {Springer},
	title = {Basic concepts of string theory},
	volume = {16},
	year = {2013}}

@book{Becker:2006aa,
	author = {Becker, Katrin and Becker, Melanie and Schwarz, John H},
	date-modified = {2024-01-05 12:46:23 +0100},
	keywords = {Book},
	publisher = {Cambridge university press},
	title = {String theory and M-theory: A modern introduction},
	year = {2006}}

@article{Cvetic__1999,
   title={Embedding AdS black holes in ten and eleven dimensions},
   volume={558},
   ISSN={0550-3213},
   url={http://dx.doi.org/10.1016/S0550-3213(99)00419-8},
   DOI={10.1016/s0550-3213(99)00419-8},
   number={1â2},
   journal={Nuclear Physics B},
   publisher={Elsevier BV},
   author={CveticË, M. and Duff, M.J. and Hoxha, P. and Liu, James T. and LÃ¼, H. and Lu, J.X. and Martinez-Acosta, R. and Pope, C.N. and Sati, H. and Tran, T.A.},
   year={1999},
   month=oct, pages={96â126}}
