@article{Danielsson:2018ztv,
    author = "Danielsson, Ulf H. and Van Riet, Thomas",
    title = "{What if string theory has no de Sitter vacua?}",
    eprint = "1804.01120",
    archivePrefix = "arXiv",
    primaryClass = "hep-th",
    reportNumber = "UUITP-09/18, UUITP-09-18",
    doi = "10.1142/S0218271818300070",
    journal = "Int. J. Mod. Phys. D",
    volume = "27",
    number = "12",
    pages = "1830007",
    year = "2018"}

@article{2020planck,
  title={Planck 2018 results-VI. Cosmological parameters},
  author={Aghanim, Nabila and Akrami, Yashar and Ashdown, Mark and Aumont, J and Baccigalupi, C and Ballardini, M and Banday, AJ and Barreiro, RB and Bartolo, N and Basak, S and others},
  journal={Astronomy \& Astrophysics},
  volume={641},
  pages={A6},
  year={2020},
  publisher={EDP sciences}}

@article{einstein1915feldgleichungen,
  title={Die feldgleichungen der gravitation},
  author={Einstein, Albert},
  journal={Sitzungsberichte der K{\"o}niglich Preu{\ss}ischen Akademie der Wissenschaften},
  pages={844--847},
  year={1915}}

@article{Riess_2021,
	doi = {10.3847/2041-8213/abdbaf},
	url = {https://doi.org/10.3847%2F2041-8213%2Fabdbaf},
	year = 2021,
	month = {feb},
	publisher = {American Astronomical Society},
	volume = {908},
	number = {1},
	pages = {L6},
	author = {Adam G. Riess and Stefano Casertano and Wenlong Yuan and J. Bradley Bowers and Lucas Macri and Joel C. Zinn and Dan Scolnic},
	title = {Cosmic Distances Calibrated to 1{\%} Precision with Gaia {EDR}3 Parallaxes and Hubble Space Telescope Photometry of 75 Milky Way Cepheids Confirm Tension with ${\Lambda}${CDM}
},
	journal = {The Astrophysical Journal Letters}
}

@article{di2021realm,
  title={In the realm of the Hubble tensionâ€”a review of solutions},
  author={Di Valentino, Eleonora and Mena, Olga and Pan, Supriya and Visinelli, Luca and Yang, Weiqiang and Melchiorri, Alessandro and Mota, David F and Riess, Adam G and Silk, Joseph},
  journal={Classical and Quantum Gravity},
  volume={38},
  number={15},
  pages={153001},
  year={2021},
  publisher={IOP Publishing}
}

@article{baumann2009tasi,
  title={TASI lectures on inflation},
  author={Baumann, Daniel},
  journal={arXiv preprint arXiv:0907.5424},
  year={2009}
}

@article{Martin_2012,
	doi = {10.1016/j.crhy.2012.04.008},
  
	url = {https://doi.org/10.1016%2Fj.crhy.2012.04.008},
  
	year = 2012,
	month = {jul},
  
	publisher = {Elsevier {BV}
},
  
	volume = {13},
  
	number = {6-7},
  
	pages = {566--665},
  
	author = {J{\'{e}}r{\^{o}}me Martin},
  
	title = {Everything you always wanted to know about the cosmological constant problem (but were afraid to ask)},
  
	journal = {Comptes Rendus Physique}
}

@misc{padilla2015lectures,
      title={Lectures on the Cosmological Constant Problem}, 
      author={Antonio Padilla},
      year={2015},
      eprint={1502.05296},
      archivePrefix={arXiv},
      primaryClass={hep-th}
}

@article{lemaitre1927univers,
  title={Un Univers homog{\`e}ne de masse constante et de rayon croissant rendant compte de la vitesse radiale des n{\'e}buleuses extra-galactiques},
  author={Lema{\^\i}tre, Georges},
  journal={Annales de la Soci{\'e}t{\'e} Scientifique de Bruxelles, A47, p. 49-59},
  volume={47},
  pages={49--59},
  year={1927}
}
@article{hubble1929relation,
  title={A relation between distance and radial velocity among extra-galactic nebulae},
  author={Hubble, Edwin},
  journal={Proceedings of the national academy of sciences},
  volume={15},
  number={3},
  pages={168--173},
  year={1929},
  publisher={National Acad Sciences}
}
@article{weinberg1989cosmological,
  title={The cosmological constant problem},
  author={Weinberg, Steven},
  journal={Reviews of modern physics},
  volume={61},
  number={1},
  pages={1},
  year={1989},
  publisher={APS}
}
@article{friedmann1922krummung,
  title={{\"U}ber die kr{\"u}mmung des raumes},
  author={Friedmann, Alexander},
  journal={Z. Phys.},
  volume={10},
  pages={377--386},
  year={1922}
}
@article{hawking1970singularities,
  title={The singularities of gravitational collapse and cosmology},
  author={Hawking, Stephen William and Penrose, Roger},
  journal={Proceedings of the Royal Society of London. A. Mathematical and Physical Sciences},
  volume={314},
  number={1519},
  pages={529--548},
  year={1970},
  publisher={The Royal Society London}
}
@article{lemaitre1950primeval,
  title={The Primeval Atom an Essay on Cosmogony},
  author={Lema{\^\i}tre, Georges},
  year={1950}
}
@book{carroll2019spacetime,
  title={Spacetime and geometry},
  author={Carroll, Sean M},
  year={2019},
  publisher={Cambridge University Press}
}


